<record><leader>00000cas a22000007a 4500</leader><controlfield tag="001">21923296</controlfield><controlfield tag="008">900626d19011901coudr ne      0    0eng d</controlfield><datafield ind1=" " ind2=" " tag="010"><subfield code="a">sn 90051417 </subfield></datafield><datafield ind1=" " ind2=" " tag="040"><subfield code="a">CNQ</subfield><subfield code="b">eng</subfield><subfield code="c">CNQ</subfield><subfield code="d">OCLCQ</subfield></datafield><datafield ind1=" " ind2=" " tag="042"><subfield code="a">msc</subfield></datafield><datafield ind1="0" ind2="0" tag="245"><subfield code="a">Colorado telegraph.</subfield></datafield><datafield ind1=" " ind2=" " tag="260"><subfield code="a">Colorado Springs, Colo. :</subfield><subfield code="b">Telegraph Pub. Co.</subfield></datafield><datafield ind1=" " ind2=" " tag="300"><subfield code="a">v.</subfield></datafield><datafield ind1=" " ind2=" " tag="310"><subfield code="a">Daily</subfield></datafield><datafield ind1="0" ind2=" " tag="362"><subfield code="a">Vol. 23, no. 254 (Apr. 8, 1901)-v. 24, no. 149 (Dec. 2, 1901).</subfield></datafield><datafield ind1=" " ind2=" " tag="530"><subfield code="a">Available on microfilm from the Colorado Historical Society.</subfield></datafield><datafield ind1=" " ind2=" " tag="752"><subfield code="a">United States</subfield><subfield code="b">Colorado</subfield><subfield code="c">El Paso</subfield><subfield code="d">Colorado Springs.</subfield></datafield><datafield ind1="0" ind2=" " tag="775"><subfield code="t">Weekly telegraph (Colorado Springs, Colo.)</subfield><subfield code="w">(DLC)sn 91052279</subfield></datafield><datafield ind1="0" ind2="0" tag="780"><subfield code="t">Evening telegraph (Colorado Springs, Colo. : 1893)</subfield><subfield code="w">(DLC)sn 91052245</subfield></datafield><datafield ind1="0" ind2="7" tag="785"><subfield code="t">Evening mail (Colorado Springs, Colo. : 1901)</subfield><subfield code="w">(DLC)sn 91052278</subfield></datafield><datafield ind1="0" ind2="7" tag="785"><subfield code="t">Evening telegraph and evening mail</subfield><subfield code="w">(DLC)sn 91052476</subfield></datafield></record>